
@article{Abrahms15,
	title = {Explaining Terrorism: Leadership Deficits and Militant Group Tactics},
	author = {Abrahms, Max and Philip B.K. Potter},
	year = {2015},
	journal = {International Organization},
	volume = {69},
	number = {2},
	pages = {311-342},
}

@incollection{Adler11,
	title = {Wikipedia Vandalism Detection: Combining Natural Language, Metadata, and Reputation Features},
	booktitle = {Computational Linguistics and Intelligent Text Processing},
	author = {Adler, B Thomas and Luca de Alfaro and Santiago M Mola-Velasco and Pablo Rosso and Andrew G West},
	year = {2011},
	series = {Lecture Notes in Computer Science},
	pages = {277-288},
	publisher = {Springer},
	address = {Berlin, Germany},
}

@article{Allen21,
	title = {Air Power, NGOs, and Collateral Killings},
	author = {Allen, Susan H and Sam R Bell and Martinez, Machain, Carla},
	year = {2021},
	journal = {Foreign Policy Analysis},
	volume = {17},
	number = {oraa025},
	issn = {1743-8586},
}

@article{AllenVincent11,
	title = {Bombing to Bargain? The Air War for Kosovo},
	author = {Allen, Susan H and Tiffiny Vincent},
	year = {2011},
	journal = {Foreign Policy Analysis},
	volume = {7},
	number = {1},
	pages = {1-26},
}

@article{AllenMM18,
	title = {Choosing Air Strikes},
	author = {Allen, Susan H and Carla Martinez Machain},
	year = {2018},
	journal = {Journal of Global Security Studies},
	volume = {3},
	number = {2},
	pages = {150-162}
}

@article{Allen07,
	title = {Time Bombs: Estimating the Duration of Coercive Bombing Campaigns},
	author = {Allen, Susan H},
	year = {2007},
	journal = {Journal of Conflict Resolution},
	volume = {51},
	number = {1},
	pages = {112-133}
}

@article{AllenMM17,
	title = {Understanding the Impact of Air Power},
	author = {Allen, Susan H and Carla Martinez Machain},
	year = {2017},
	journal = {Conflict Management and Peace Science},
	volume = {36},
	number = {5},
	pages = {545-558}
}

@article{Becker15,
	title = {Research Faux Pas: The Stigma of Wikipedia},
	author = {Becker, Bernd W},
	year = {2015},
	journal = {Behavioral \& Social Sciences Librarian},
	volume = {34},
	number = {3},
	pages = {165-169}
}

@article{BenjakobAviram18,
	title = {A Clockwork Wikipedia: From a Broad Perspective to a Case Study},
	author = {Benjakob, Omer and Rona Aviram},
	year = {2018},
	journal = {Journal of Biological Rhythms},
	volume = {33},
	number = {3},
	pages = {233-244}
}

@book{blechman_forcewararmed_1978,
	title = {Force {{Without War}}: {{U}}.{{S}}. {{Armed Forces}} as a {{Political Instrument}}},
	shorttitle = {Force {{Without War}}},
	author = {Blechman, Barry M. and Kaplan, Stephen S.},
	year = {1978},
	publisher = {{Brookings Institution}},
	abstract = {Case studies document an analysis of the modes and impact of America's use of military force short of warfare in determining foreign policy and easing international conflicts.},
	isbn = {978-0-8157-0985-5},
	langid = {english},
	keywords = {Political Science / General,Political Science / International Relations / General}
}

@article{Blumenstock08,
	title = {Automatically Assessing the Quality of Wikipedia Articles},
	author = {Blumenstock, Joshua E},
	year = {2008},
	journal = {UC Berkeley},
	pages = {published online}
}

@article{Bolton15,
	title = {From Minefields to Minespace: An Archeology of the Changing Architecture of Autonomous Killing in US Army Field Manuals on Landmines, Booby Traps and IEDs},
	author = {Bolton, Matthew},
	year = {2015},
	journal = {Political Geography},
	volume = {46},
	pages = {41-53},
}

@article{Brecher69,
	title = {A Framework for Research on Foreign Policy Behavior},
	author = {Brecher, Michael and Blema Steinberg and Janice Stein},
	year = {1969},
	journal = {Journal of Conflict Resolution},
	volume = {13},
	number = {1},
	pages = {75-94},
}

@book{BrecherWilkenfeld97,
	title = {A Study of Crisis},
	author = {Brecher, Michael and Jonathan Wilkenfeld},
	year = {1997},
	publisher = {University of Michigan Press},
	address = {Lansing, MI}
}

@book{Caverley14,
	title = {Democratic Militarism: Voting, Wealth, and War},
	author = {Caverley, Jonathan D},
	year = {2014},
	publisher = {Cambridge University Press},
	address = {New York, NY}
}

@article{Brown11,
	title = {Wikipedia as a Data Source for Political Scientists: Accuracy and Completeness of Coverage},
	author = {Brown, Adam R},
	year = {2011},
	journal = {PS: Political Science \& Politics},
	volume = {44},
	number = {2},
	pages = {339-343},
}

@article{CZGrayer22,
	title = {Understanding Battlefield Coalitions},
	author = {Cappella Zielinski, Rosella and Ryan Grauer},
	year = {2022},
	journal = {Journal of Strategic Studies},
	volume = {45},
	number = {2},
	pages = {177-185}
}

@article{CarmentRowlands98,
	title = {Three's Company: Evaluating Third-Party Intervention in Intrastate Conflict},
	author = {Carment, David and Dane Rowlands},
	year = {1998},
	journal = {Journal of Conflict Resolution},
	volume = {42},
	number = {5},
	pages = {572-599}
}

@article{Caverley09,
	title = {The Myth of Military Myopia: Democracy, Small Wars, and Vietnam},
	author = {Caverley, Jonathan D},
	year = {2009},
	journal = {International Security},
	volume = {34},
	number = {3},
	pages = {119-157}
}

@article{ChibaJohnson19,
	title = {Military Coalitions and Crisis Duration},
	author = {Chiba, Daina and Jesse C Johnson},
	year = {2019},
	journal = {Journal of Politics},
	volume = {81},
	number = {4},
	pages = {1466-1479},
}

@article{Cooper01,
	title = {The Politics of Airstrikes},
	author = {Cooper, Scott},
	year = {2001},
	journal = {Policy Review},
	volume = {107},
	pages = {55-66},
}

@article{CranmerMenninga18,
	title = {Coalition Quality and Multinational Dispute Outcomes},
	author = {Cranmer, Skyler and Elizabeth Menninga},
	year = {2018},
	journal = {International Interactions},
	volume = {44},
	number = {2},
	pages = {217-243},
}

@article{CrisherSouva14,
	title = {Power at Sea: A Naval Power Dataset, 1865-2011},
	author = {Crisher, Brian Benjamin and Mark Souva},
	year = {2014},
	journal = {International Interactions},
	volume = {40},
	number = {4},
	pages = {602-629},
}

@article{DouglassHarkness18,
	title = {Measuring the Landscape of Civil War: Evaluating Geographic Coding Decisions with Historic Data from the Mau Mau Rebellion},
	author = {Douglass, Rex W and Kristen Harkness},
	year = {2018},
	journal = {Journal of Peace Research},
	volume = {55},
	number = {2},
	pages = {190-205},
}

@article{Early22,
	title = {Climbing the Ladder: Explaining the Vertical Proliferation of Cruise Missiles},
	author = {Early, Bryan Robert and Nolan Fahrenkopf and Michael C Horowitz and James Igoe Walsh},
	year = {2022},
	journal = {Journal of Conflict Resolution},
	volume = {66},
	number = {6},
	pages = {955-982},
}

@article{Fair14,
	title = {Pakistani Opposition to American Drone Strikes},
	author = {Fair, C Christine and Karl Kaltenthaler and William J Miller},
	year = {2014},
	journal = {Political Science Quarterly},
	volume = {129},
	number = {1},
	pages = {1-33}
}

@article{FuhrmannHorowitz17,
	title = {Droning On: Explaining the Proliferation of Unmanned Aerial Vehicles},
	author = {Fuhrmann, Matthew and Michael C Horowitz},
	year = {2017},
	journal = {International Organization},
	volume = {71},
	number = {2},
	pages = {397-418},
}

@article{GannonKent21,
	title = {Keeping Your Friends Close, but Acquaintances Closer: Why Weakly Allied States Make Committed Coalition Partners},
	author = {Gannon, J Andr{\'e}s and Daniel Kent},
	year = {2021},
	journal = {Journal of Conflict Resolution},
	volume = {65},
	number = {5},
	pages = {889-918},
}

@article{Gannon22,
	title = {One If by Land, and Two If by Sea: Cross-domain Contests and the Escalation of International Crises},
	author = {Gannon, J Andr{\'e}s},
	year = {2022},
	journal = {International Studies Quarterly},
	volume = {66},
	number = {4},
	pages = {published online}
}

@article{Gartzke01,
	title = {Democracy and the Preparation for War: Does Regime Type Affect States' Anticipation of Casualties?},
	author = {Gartzke, Erik},
	year = {2001},
	journal = {International Studies Quarterly},
	volume = {45},
	number = {3},
	pages = {467-484},
}

@article{Gartzke14,
	title = {The Determinants of Nuclear Force Structure},
	author = {Gartzke, Erik and Jeffrey M Kaplow and Rupal N Mehta},
	year = {2014},
	journal = {Journal of Conflict Resolution},
	volume = {58},
	number = {3},
	pages = {481-508}
}

@article{GleditschWeidmann12,
	title = {Richardson in the Information Age: Geographic Information Systems and Spatial Data in International Studies},
	author = {Gleditsch, Kristian Skrede and Nils B Weidmann},
	year = {2012},
	journal = {Annual Review of Political Science},
	volume = {15},
	number = {1},
	pages = {461-481},
}

@article{GobelMunzert21,
	title = {The Comparative Legislators Database},
	author = {Göbel, Sascha and Simon Munzert},
	year = {2021},
	journal = {British Journal of Political Science},
	volume = {52},
	number = {3},
	pages = {1398-1408},
}

@book{GreenhillKrause18,
	title = {Coercion: The Power to Hurt in International Politics},
	author = {Greenhill, Kelly M and Peter Krause},
	year = {2018},
	publisher = {Oxford University Press},
	address = {Oxford, UK}
}

@article{GreensteinZhu12,
	title = {Is Wikipedia Biased?},
	author = {Greenstein, Shane and Feng Zhu},
	year = {2012},
	journal = {American Economic Review},
	volume = {102},
	number = {3},
	pages = {343-348},
}

@book{Hart62,
	title = {Strategy: The Indirect Approach},
	author = {Hart, Sir Basil Henry Liddell},
	year = {1967},
	publisher = {Faber \& Faber},
	address = {London, UK}
}

@article{HerrmannDoring21,
	title = {Party Positions from Wikipedia Classifications of Party Ideology},
	author = {Herrmann, Michael and Holger Döring},
	year = {2021},
	journal = {Political Analysis},
	pages = {published online},
}

@article{HorowitzReiter01,
	title = {When Does Aerial Bombing Work?: Quantitative Empirical Tests, 1917-1999},
	author = {Horowitz, Michael and Dan Reiter},
	year = {2001},
	journal = {Journal of Conflict Resolution},
	volume = {45},
	number = {2},
	pages = {147-173},
}

@article{Huth98,
	title = {Major Power Intervention in Internatioal Crises, 1918-1988},
	author = {Huth, Paul K},
	year = {1998},
	journal = {Journal of Conflict Resolution},
	volume = {42},
	number = {6},
	pages = {744-770},
}

@article{Jullien12,
	title = {What We Know About Wikipedia: A Review of the Literature Analyzing the Project(s)},
	author = {Jullien, Nicolas},
	year = {2012},
	journal = {SSRN Electronic Journal}
}

@techreport{Kavanagh19,
	title = {Characteristics of Successful U.S. Military Interventions},
	author = {Kavanagh, Jennifer and Bryan Frederick and Alexandra Stark and Nathan Chandler and Meagan Smith and Matthew Povlock and Lynn Davis and Edward Geist},
	year = {2019},
	address = {Santa Monica, CA},
	institution = {RAND Corporation}
}

@article{KushiDT22,
	title = {Introducing the Military Intervention Project: A New Dataset on US Military Interventions, 1776-2019},
	author = {Kushi, Sidita and Monica Duffy Toft},
	year = {2022},
	journal = {Journal of Conflict Resolution},
	volume = {},
	number = {},
	pages = {published online},
}

@inproceedings{Malyshev18,
	title = {Getting the Most Out of Wikidata: Semantic Technology Usage in Wikipedia's Knowledge Graph},
	booktitle = {The {{Semantic Web}} \textendash{} {{ISWC}} 2018},
	author = {Malyshev, Stanislav and Kr{\"o}tzsch, Markus and Gonz{\'a}lez, Larry and Gonsior, Julius and Bielefeldt, Adrian},
	editor = {Vrande{\v c}i{\'c}, Denny and Bontcheva, Kalina and {Su{\'a}rez-Figueroa}, Mari Carmen and Presutti, Valentina and Celino, Irene and Sabou, Marta and Kaffee, Lucie-Aim{\'e}e and Simperl, Elena},
	year = {2018},
	series = {Lecture Notes in Computer Science},
	pages = {376-394},
	publisher = {Springer International Publishing},
	address = {Switzerland},
}

@article{MM15,
	title = {Air Campaign Duration and the Interaction of Air and Ground Forces},
	author = {Martinez Machain, Carla},
	year = {2015},
	journal = {International Interactions},
	volume = {41},
	number = {3},
	pages = {539-564},
}

@article{Mesgari15,
	title = {``The Sum of All Human Knowledge'': A Systematic Review of Scholarly Research on the Content of Wikipedia},
	author = {Mesgari, Mostafa and Okoli, Chitu and Mehdi, Mohamad and Nielsen, Finn {\AA}rup and Lanam{\"a}ki, Arto},
	year = {2015},
	journal = {Journal of the Association for Information Science and Technology},
	volume = {66},
	number = {2},
	pages = {219-245},
}

@article{MorganPalmer00,
	title = {A Model of Foreign Policy Substitutability: Selecting the Right Tools for the Job(s)},
	author = {Morgan, T Clifton and Palmer, Glenn},
	year = {2000},
	journal = {Journal of Conflict Resolution},
	volume = {44},
	number = {1},
	pages = {11-32},
}

@inproceedings{Morsey11,
	title = {DBpedia SPARQL Benchmark \textendash{} Performance Assessment with Real Queries on Real Data},
	author = {Morsey, Mohamed and Lehmann, Jens and Auer, S{\"o}ren and Ngonga Ngomo, Axel-Cyrille},
	editor = {Aroyo, Lora and Welty, Chris and Alani, Harith and Taylor, Jamie and Bernstein, Abraham and Kagal, Lalana and Noy, Natasha and Blomqvist, Eva},
	year = {2011},
	booktitle = {Lecture {{Notes}} in {{Computer Science}}},
	pages = {454-469},
	publisher = {{Springer}},
	address = {Berlin, Germany},
}

@article{Munzert18,
	title = {Measuring the Importance of Political Elites},
	author = {Munzert, Simon},
	year = {2018},
	journal = {Working Paper},
}

@article{Palmer15,
	title = {The Mid4 Dataset, 2002-2010: Procedures, Coding Rules and Description},
	author = {Palmer, Glenn and Vito D'Orazio and Michael Kenwick and Matthew Lane},
	year = {2015},
	journal = {Conflict Management and Peace Science},
	volume = {32},
	number = {2},
	pages = {222-242},
}

@article{PalmerBhandari00,
	title = {The Investigation of Substitutability in Foreign Policy},
	author = {Palmer, Glenn and Archana Bhandari},
	year = {2000},
	journal = {Journal of Conflict Resolution},
	volume = {44},
	number = {1},
	pages = {3-10},
}

@book{Pape96,
	title = {Bombing to Win: Air Power and Coercion in War},
	author = {Pape, Robert A},
	year = {1996},
	publisher = {Cornell University Press},
	address = {Ithaca, NY}
}

@book{FM93,
	title = {Field Manual 100-5: Operations},
	author = {US Army},
	year = {1993},
	publisher = {Department of the Army},
	address = {Washington, DC}
}

@article{Lands19,
	title = {Publicly Available Information: The Secret to Unclassified Data, Part I},
	author = {Lands, David R},
	year = {2019},
	journal = {Over the Horizon Journal},
	pages = {published online},
}

@book{PearsonBaumann93,
	title={International Military Intervention, 1946-1988},
	author={Pearson, Frederic S and Robert A Baumann},
	publisher={University Consortium for Political and Social Research, Data Collection No 6035},
	year={1993},
	address={University of Michigan, Ann Arbor}
}

@book{KisanganiPickering08,
	title={International Military Intervention, 1989-2005},
	author={Kisangani, Emizet F and Jeffrey Pickering},
	publisher={University Consortium for Political and Social Research, Data Collection No 21282},
	year={2008},
	address={University of Michigan, Ann Arbor}
}

@article{ChapmanReiter04,
	title={The United Nations Security Council and the Rally ‘Round the Flag Effect},
	author={Chapman, Terrence L and Dan Reiter},
	journal={Journal of Conflict Resolution},
	volume={48},
	number={6},
	pages={886-909},
	year={2004}
}

@book{Holsti04,
	title={Public Opinion and American Foreign Policy},
	author={Holsti, Ole R},
	publisher={University of Michigan Press},
	year={2004},
	address={Lansing, MI}
}

@article{KisanganiPickering07,
	title={Diverting with Benevolent Military Force: Reducing Risks and Rising Above Strategic Behavior},
	author={Kisangani, Emizet F and Jeffrey Pickering},
	journal={International Studies Quarterly},
	volume={51},
	number={2},
	pages={277-299},
	year={2007}
}

@article{CarterSignorino10,
	title={Back to the Future: Modeling Time Dependence in Binary Data},
	author={Carter, David B and Curtis S Signorino},
	journal={Political Analysis},
	volume={18},
	number={3},
	pages={271-292},
	year={2010}
}

@misc{KilcullenExum09,
	author={Kilcullen, David and Andrew McDonald Exum},
	howpublished={New York Times},
	title={Death From Above, Outrage From Below},
	note={\url{https://www.nytimes.com/2009/05/17/opinion/17exum.html}},	
	year={2009}
}

@misc{BeckerShane12,
	author={Becker, Jo and Scott Shane},
	howpublished={New York Times},
	title={Secret 'Kill List' Proves a Test of Obama's Principles and Will},
	note={\url{https://www.nytimes.com/2012/05/29/world/obamas-leadership-in-war-on-al-qaeda.html}},	
	year={2012}
}

@article{PoschmannGoldenstein22,
	title = {Disambiguating and Specifying Social Actors in Big Data: Using Wikipedia as a Data Source for Demographic Information},
	author = {Poschmann, Philipp and Jan Goldenstein},
	year = {2022},
	journal = {Sociological Methods \& Research},
	volume = {51},
	number = {2},
	pages = {887-925},
}

@article{Post19,
	title = {Flying to Fail: Costly Signals and Air Power in Crisis Bargaining},
	author = {Post, Abigail},
	year = {2019},
	journal = {Journal of Conflict Resolution},
	volume = {63},
	number = {4},
	pages = {869-895},
}

@article{Price12,
	title = {Targeting Top Terrorists: How Leadership Decapitation Contributes to Counterterrorism},
	author = {Price, Bryan C},
	year = {2012},
	journal = {International Security},
	volume = {36},
	number = {4},
	pages = {9-46},
}

@article{Rector08,
	title = {Comparison of Wikipedia and Other Encyclopedias for Accuracy, Breadth, and Depth in Historical Articles},
	author = {Rector, Lucy Holman},
	year = {2008},
	journal = {Reference Services Review},
	volume = {36},
	number = {1},
	pages = {7--2},
}

@article{ReiterMettler13,
	title = {Ballistic Missiles and International Conflict},
	author = {Reiter, Dan and Mettler, Simon A},
	year = {2013},
	journal = {Journal of Conflict Resolution},
	volume = {57},
	number = {5},
	pages = {854-880}
}

@article{Shaver19,
	title = {Terrain Ruggedness and Land Cover: Improved Data for Most Research Designs},
	author = {Shaver, Andrew and Carter, David B and Shawa, Tsering Wangyal},
	year = {2019},
	journal = {Conflict Management and Peace Science},
	volume = {36},
	number = {2},
	pages = {191-218}
}

@article{SullivanKoch09,
	title = {Military Intervention by Powerful States, 1945\textemdash 2003},
	author = {Sullivan, Patricia L and Koch, Michael T},
	year = {2009},
	journal = {Journal of Peace Research},
	volume = {46},
	number = {5},
	pages = {707-718}
}

@article{Talmadge16,
	title = {Different Threats, Different Militaries: Explaining Organizational Practices in Authoritarian Armies},
	author = {Talmadge, Caitlin},
	year = {2016},
	journal = {Security Studies},
	volume = {25},
	number = {1},
	pages = {111-141}
}

@inproceedings{Tramullas16,
	title = {Research on Wikipedia Vandalism: A Brief Literature Review},
	booktitle = {Proceedings of the 4th Spanish Conference on Information Retrieval},
	author = {Tramullas, Jes{\'u}s and {Garrido-Picazo}, Piedad and {S{\'a}nchez-Casab{\'o}n}, Ana I},
	year = {2016},
	series = {CERI '16},
	pages = {15:1-15:4},
	publisher = {ACM},
	address = {New York, NY},
}

@article{Wallace08,
	title = {Alliances, Institutional Design, and the Determinants of Military Strategy},
	author = {Wallace, Geoffrey PR},
	year = {2008},
	journal = {Conflict Management and Peace Science},
	volume = {25},
	number = {3},
	pages = {224-243}
}

@article{Zegart18,
	title = {Cheap Fights, Credible Threats: The Future of Armed Drones and Coercion},
	author = {Zegart, Amy},
	year = {2018},
	journal = {Journal of Strategic Studies},
	volume = {43},
	number = {1},
	pages = {6-46},
}

@article{Arreguin01,
	title={How the Weak Win Wars: A Theory of Asymmetric Conflict},
	author={Arreguin-Toft, Ivan},
	journal={International Security},
	volume={26},
	number={2},
	pages={93-128},
	year={2001}
}

@article{ChachaStojek19,
	title={Colonial Ties and Civil Conflict Intervention: Clarifying the Causal Mechanisms},
	author={Chacha, Mwita and Szymon Stojek},
	journal={Conflict Management and Peace Science},
	volume={36},
	number={1},
	pages={42-62},
	year={2019}
}

@article{JohnstonSarbahi16,
	title={The Impact of US Drone Strikes on Terrorism in Pakistan},
	author={Johnston, Patrick B and Anoop K Sarbahi},
	journal={International Studies Quarterly},
	volume={60},
	number={2},
	pages={203-219},
	year={2016}
}

@article{Gentry02,
	title={Doomed to Fail: America's Blind Faith in Military Technology},
	author={Gentry, John A},
	journal={Parameters},
	volume={32},
	number={4},
	pages={88-103},
	year={2002},
}

@article{LyallWilson09,
	title={Rage Against the Machines: Explaining Outcomes in Counterinsurgency Wars},
	author={Lyall, Jason and Isaiah Wilson},
	journal={International Organization},
	volume={63},
	number={1},
	pages={67-106},
	year={2009}
}

@article{Lyall10,
	title={Do Democracies Make Inferior Counterinsurgents? Reassessing Democracy’s Impact on War Outcomes and Duration},
	author={Lyall, Jason},
	journal={International Organization},
	volume={64},
	number={1},
	pages={167-192},
	year={2010}
}

@article{Mack75,
	title={Why Big Nations Lose Small Wars: The Politics of Asymmetric Conflict},
	author={Mack, Andrew},
	journal={World Politics},
	volume={27},
	number={2},
	pages={175-200},
	year={1975}
}

@article{OHanlon9899,
	title={Can High Technology Bring U.S. Troops Home?},
	author={O'Hanlon, Michael},
	journal={Foreign Policy},
	volume={113},
	number={},
	pages={72-86},
	year={1998/1999}
}

@article{Sullivan07,
	title={War Aims and War Outcomes: Why Powerful States Lose Limited Wars},
	author={Sullivan, Patricia L},
	journal={Journal of Conflict Resolution},
	volume={51},
	number={3},
	pages={496-524},
	year={2007}
}

@article{Lake92,
	title={Powerful Pacifists: Democratic States and War},
	author={Lake, David A},
	journal={American Political Science Review},
	volume={86},
	number={1},
	pages={24-37},
	year={1992}
}

@article{Gleditsch02,
	title={Armed Conflict 1946-2001: A New Dataset},
	author={Gleditsch, Kristian Skrede and Peter Wallensteen and Mikael Eriksson and Margareta Sollenberg and H$\mathring{a}$vard Strand},
	journal={Journal of Peace Research},
	volume={39},
	number={5},
	pages={615-637},
	year={2002}
}

@article{Gobeil17,
	title={Pick Your Poison: Assessing the Strategic Effectiveness of Decapitation via Drone Strikes by Looking at the Organizational Dynamics of Targeted Groups},
	author={Gobeil, Gabriel Boulianne},
	journal={Journal of Military and Strategic Studies},
	volume={18},
	number={1},
	pages={203-234},
	year={2017}
}

@book{dracula,
	title = {Dracula},
	author = {Stoker, Bram},
	year = {1992},
	publisher = {Wordsworth Editions},
	address = {Ware, England}
}